@book{casella,
    title = {Statical Inference},
    author = {George Casella, Roger L. Berger},
    isbn = {0534243126},
    year = {2001},
    edition = 2,
    publisher = {Cengage Learning}
}

@book{degroot,
    title = {Probability and Statistics},
    author = {Morris H. DeGroot, Mark J. Schervish},
    isbn = {9780321500465},
    year = {2011},
    edition = 4,
    publisher = {Pearson}
}

@online{stackexchange,
    title = "What's in a name: Precision (inverse of variance)",
    url  = "https://stats.stackexchange.com/questions/211419/whats-in-a-name-precision-inverse-of-variance",
    addendum = "(acessado: 30.09.2020)"
}