@book{degroot,
    title = {Probability and Statistics},
    author = {Morris H. DeGroot, Mark J. Schervish},
    isbn = {9780321500465},
    year = {2011},
    edition = 4,
    publisher = {Pearson}
}